{
  "leader": "01093nam  2200229Ii 4500",
  "fields": [
    {
      "001": "bslw09819693"
    },
    {
      "003": "UtOrBLW"
    },
    {
      "005": "20211111161321.0"
    },
    {
      "008": "211111s1929\\\\\\\\nyua\\\\\\\\\\b\\\\\\\\001\\0\\eng\\u"
    },
    {
      "040": {
        "ind1": "\\",
        "ind2": "\\",
        "subfields": [
          {
            "a": "UtOrBLW"
          },
          {
            "b": "eng"
          },
          {
            "e": "rda"
          },
          {
            "c": "UtOrBLW"
          }
        ]
      }
    },
    {
      "082": {
        "ind1": "0",
        "ind2": "4",
        "subfields": [
          {
            "a": "616.9239"
          },
          {
            "b": "SIM"
          }
        ]
      }
    },
    {
      "100": {
        "ind1": "1",
        "ind2": "\\",
        "subfields": [
          {
            "a": "Simpson, Walter M.,"
          },
          {
            "e": "author."
          }
        ]
      }
    },
    {
      "245": {
        "ind1": "1",
        "ind2": "0",
        "subfields": [
          {
            "a": "Tularemia :"
          },
          {
            "b": "history, pathology, diagnosis and treatment : with 53 text illustrations and 2 colored plates /"
          },
          {
            "c": "by Walter M. Simpson (M.S., M.D., F.A.C.P., Director of the Diagnostic Laboratories, Miami Valley Hospital, Dayton, Ohio; formerly Snior Instructor in Pathology, University of Michigan) ; foreword by Edward Francis (Surgeon, United States Public Health Service)."
          }
        ]
      }
    },
    {
      "264": {
        "ind1": "\\",
        "ind2": "1",
        "subfields": [
          {
            "a": "New York :"
          },
          {
            "b": "Paul B. Hoeber Inc.,"
          },
          {
            "c": "1929."
          }
        ]
      }
    },
    {
      "300": {
        "ind1": "\\",
        "ind2": "\\",
        "subfields": [
          {
            "a": "xix, 162 pages :"
          },
          {
            "b": "illustrations ;"
          },
          {
            "c": "24 cm"
          }
        ]
      }
    },
    {
      "336": {
        "ind1": "\\",
        "ind2": "\\",
        "subfields": [
          {
            "a": "text"
          },
          {
            "b": "txt"
          },
          {
            "2": "rdacontent"
          }
        ]
      }
    },
    {
      "337": {
        "ind1": "\\",
        "ind2": "\\",
        "subfields": [
          {
            "a": "unmediated"
          },
          {
            "b": "n"
          },
          {
            "2": "rdamedia"
          }
        ]
      }
    },
    {
      "338": {
        "ind1": "\\",
        "ind2": "\\",
        "subfields": [
          {
            "a": "volume"
          },
          {
            "b": "nc"
          },
          {
            "2": "rdacarrier"
          }
        ]
      }
    },
    {
      "504": {
        "ind1": "\\",
        "ind2": "\\",
        "subfields": [
          {
            "a": "Includes bibliographical references (pages 143-154) and index."
          }
        ]
      }
    },
    {
      "650": {
        "ind1": "\\",
        "ind2": "0",
        "subfields": [
          {
            "a": "Tularemia."
          }
        ]
      }
    },
    {
      "700": {
        "ind1": "1",
        "ind2": "\\",
        "subfields": [
          {
            "a": "Francis, Edward,"
          },
          {
            "d": "1872-1957,"
          },
          {
            "e": "writer of foreword."
          }
        ]
      }
    },
    {
      "999": {
        "ind1": "\\",
        "ind2": "\\",
        "subfields": [
          {
            "a": "00000000012174"
          }
        ]
      }
    }
  ]
}